<?xml version="1.0" encoding="UTF-8"?><collection xmlns="http://www.loc.gov/MARC21/slim"><record><leader>00568nam--2200193-u-4500</leader><controlfield tag="001">000055658</controlfield><controlfield tag="002">20161230</controlfield><controlfield tag="005">20161230201052</controlfield><controlfield tag="008">130326s1000------------r-----000-0-fre-d</controlfield><datafield ind1=" " ind2=" " tag="040"><subfield code="a">IFIN-HH</subfield></datafield><datafield ind1=" " ind2=" " tag="041"><subfield code="a">fre</subfield></datafield><datafield ind1=" " ind2=" " tag="080"><subfield code="a">539.1</subfield></datafield><datafield ind1="1" ind2=" " tag="100"><subfield code="a">Perrin, Jean</subfield></datafield><datafield ind1="1" ind2="0" tag="245"><subfield code="a">Grains de matiere et de lumiere atomistique vi</subfield><subfield code="b">Quatrieme partie: transmutations provoquees</subfield><subfield code="c">Jean perrin</subfield></datafield><datafield ind1=" " ind2=" " tag="260"><subfield code="a">Paris</subfield><subfield code="b">Hermann &amp; Cie, Editeurs</subfield><subfield code="c">1935</subfield></datafield><datafield ind1=" " ind2=" " tag="300"><subfield code="a">42P</subfield></datafield><datafield ind1=" " ind2=" " tag="490"><subfield code="a">Actualites Sceintifiques Et Industielles</subfield><subfield code="v">No. 193</subfield></datafield><datafield ind1=" " ind2=" " tag="852"><subfield code="a">2289</subfield><subfield code="c">H.H</subfield></datafield><datafield ind1=" " ind2=" " tag="CAT"><subfield code="a">Sys</subfield><subfield code="c">20130326</subfield><subfield code="h">153819</subfield></datafield></record></collection>